<record><leader>00000cas a2200000 a 4500</leader><controlfield tag="001">11977288</controlfield><controlfield tag="008">850429d19071908ksuwr ne      0    0eng d</controlfield><datafield ind1=" " ind2=" " tag="010"><subfield code="a">sn 85030226 </subfield></datafield><datafield ind1=" " ind2=" " tag="040"><subfield code="a">KSH</subfield><subfield code="b">eng</subfield><subfield code="c">KSH</subfield><subfield code="d">NPT</subfield><subfield code="d">OCL</subfield><subfield code="d">OCLCQ</subfield></datafield><datafield ind1=" " ind2=" " tag="042"><subfield code="a">msc</subfield></datafield><datafield ind1="0" ind2="0" tag="245"><subfield code="a">Lyon County journal.</subfield></datafield><datafield ind1=" " ind2=" " tag="260"><subfield code="a">Emporia, Kan. :</subfield><subfield code="b">D.S. Gilmore,</subfield><subfield code="c">1907-1908.</subfield></datafield><datafield ind1=" " ind2=" " tag="300"><subfield code="a">1 v. :</subfield><subfield code="b">ill. ;</subfield><subfield code="c">54 cm.</subfield></datafield><datafield ind1=" " ind2=" " tag="310"><subfield code="a">Weekly</subfield></datafield><datafield ind1="0" ind2=" " tag="362"><subfield code="a">Vol. 21, no. 2 (Nov. 1, 1907)-v. 21, no. 29 (May 15, 1908).</subfield></datafield><datafield ind1=" " ind2=" " tag="500"><subfield code="a">Published by F.S. Mickey, Jan. 10-May 15, 1908.</subfield></datafield><datafield ind1=" " ind2=" " tag="752"><subfield code="a">United States</subfield><subfield code="b">Kansas</subfield><subfield code="c">Lyon</subfield><subfield code="d">Emporia.</subfield></datafield><datafield ind1="0" ind2="0" tag="780"><subfield code="t">Northern Lyon County journal (Admire, Kan.)</subfield><subfield code="w">(DLC)sn 85030168</subfield></datafield><datafield ind1="0" ind2="0" tag="785"><subfield code="t">Emporia journal (Emporia, Kan. : 1908)</subfield><subfield code="w">(DLC)sn 85030225</subfield></datafield></record>